<record>
<leader>05004cpcaa22007457a 4500</leader>
<controlfield tag="001">14207004</controlfield>
<controlfield tag="005">20221020130408.0</controlfield>
<controlfield tag="008">051221i19371944dcu eng </controlfield>
<datafield ind1=" " ind2=" " tag="906">
<subfield code="a">7</subfield>
<subfield code="b">cbc</subfield>
<subfield code="c">orignew</subfield>
<subfield code="d">u</subfield>
<subfield code="e">ncip</subfield>
<subfield code="f">20</subfield>
<subfield code="g">y-folklife</subfield>
</datafield>
<datafield ind1=" " ind2=" " tag="955">
<subfield code="a">
mkru 2005-12-21; mkru 2006-10-23; mkru 2012-07-16; mkru 2012-12-04;
</subfield>
<subfield code="a">mseg 2013-01-03</subfield>
<subfield code="a">mkru 2013-01-08</subfield>
<subfield code="a">mkru 2015-03-10</subfield>
<subfield code="a">mkru 2016-03-07</subfield>
</datafield>
<datafield ind1=" " ind2=" " tag="010">
<subfield code="a"> 2004447752</subfield>
</datafield>
<datafield ind1=" " ind2=" " tag="040">
<subfield code="a">DLC</subfield>
<subfield code="c">DLC</subfield>
<subfield code="e">dacs</subfield>
<subfield code="d">DLC</subfield>
</datafield>
<datafield ind1=" " ind2=" " tag="043">
<subfield code="a">n-us-oh</subfield>
</datafield>
<datafield ind1=" " ind2=" " tag="090">
<subfield code="a">IDB 26751-IDB 26761; IDB 27384-IDB 27398</subfield>
</datafield>
<datafield ind1=" " ind2=" " tag="090">
<subfield code="a">AFS 1001-1009, 1603-1615</subfield>
</datafield>
<datafield ind1=" " ind2=" " tag="090">
<subfield code="a">AFC 1937/002</subfield>
</datafield>
<datafield ind1="0" ind2="0" tag="245">
<subfield code="a">Captain Pearl R. Nye collection,</subfield>
<subfield code="f">1937-1944.</subfield>
</datafield>
<datafield ind1="3" ind2=" " tag="246">
<subfield code="a">Pearl R. Nye collection</subfield>
</datafield>
<datafield ind1=" " ind2=" " tag="300">
<subfield code="3">manuscripts</subfield>
<subfield code="a">17 folders.</subfield>
</datafield>
<datafield ind1=" " ind2=" " tag="300">
<subfield code="3">sound recordings</subfield>
<subfield code="a">22 sound discs :</subfield>
<subfield code="b">analog ;</subfield>
<subfield code="c">12 in.</subfield>
</datafield>
<datafield ind1=" " ind2=" " tag="300">
<subfield code="3">graphic images</subfield>
<subfield code="a">7 photographic prints :</subfield>
<subfield code="b">black and white, color ;</subfield>
<subfield code="c">various sizes.</subfield>
</datafield>
<datafield ind1=" " ind2=" " tag="545">
<subfield code="a">
Pearl R. Nye was born on February 5, 1872 aboard the canal boat "Reform." He spent his life on canal boats on the Ohio and Erie Canal and researched and documented the songs and traditions of canal life. He died in 1950.
</subfield>
</datafield>
<datafield ind1=" " ind2=" " tag="520">
<subfield code="a">
The collection is comprised of field recordings made by John A. Lomax in June 1937 and by Alan Lomax and Elizabeth Lomax in November, 1937 in Akron, Ohio, of songs performed by Pearl R. Nye related to life on the Ohio and Erie Canal, with photographs of canal life. Also included is correspondence between Nye and Harold Spivacke of the Library of Congress, and between John A. Lomax and Akron, Ohio journalist Helen Waterhouse regarding arrangements for the June field trip, plus manuscript and typed transcriptions of song lyrics sung and collected by Pearl R. Nye.
</subfield>
</datafield>
<datafield ind1=" " ind2=" " tag="524">
<subfield code="a">
Captain Pearl R. Nye collection (AFC 1937/002), Archive of Folk Culture, American Folklife Center, Library of Congress, Washington, D.C.
</subfield>
</datafield>
<datafield ind1=" " ind2=" " tag="530">
<subfield code="a">
A substantial portion of the collection is available as "Captain Pearl R. Nye, life on the Ohio and Erie Canal," an American Memory online presentation compiled by the National Digital Library Program of the Library of Congress.
</subfield>
<subfield code="u">http://hdl.loc.gov/loc.afc/collafc.af000019</subfield>
</datafield>
<datafield ind1="1" ind2=" " tag="544">
<subfield code="a">
Autograph manuscript containing song texts by Pearl R. Nye, with a few letters to Alan Lomax and to Harold Spivacke is available on microfilm [Songs of the Ohio canal, 1938], Library of Congress Music Division, MUS-12.
</subfield>
</datafield>
<datafield ind1=" " ind2=" " tag="540">
<subfield code="a">
Duplication of the collection materials may be governed by copyright and other restrictions.
</subfield>
</datafield>
<datafield ind1="0" ind2=" " tag="506">
<subfield code="a">
Collection is open for research. To request materials, please contact the Folklife Reading Room at http://hdl.loc.gov/loc.afc/folklife.contact
</subfield>
</datafield>
<datafield ind1=" " ind2=" " tag="555">
<subfield code="a">
Bibliographic information for some titles in this collection is found in the online resource,Traditional Music and Spoken Word Catalog from the American Folklife Center. Search for audio titles in the Captain Pearl R. Nye Collection.
</subfield>
</datafield>
<datafield ind1="0" ind2=" " tag="555">
<subfield code="a">
Finding aid is available in the Library of Congress Folklife Reading Room and at
</subfield>
<subfield code="u">https://hdl.loc.gov/loc.afc/eadafc.af012006</subfield>
</datafield>
<datafield ind1="1" ind2="0" tag="600">
<subfield code="a">Nye, Pearl R.,</subfield>
<subfield code="d">1872-1950</subfield>
<subfield code="v">Correspondence.</subfield>
</datafield>
<datafield ind1="1" ind2="0" tag="600">
<subfield code="a">Lomax, Alan,</subfield>
<subfield code="d">1915-2002</subfield>
<subfield code="v">Correspondence.</subfield>
</datafield>
<datafield ind1="1" ind2="0" tag="600">
<subfield code="a">Lomax, John A.</subfield>
<subfield code="q">(John Avery),</subfield>
<subfield code="d">1867-1948</subfield>
<subfield code="v">Correspondence.</subfield>
</datafield>
<datafield ind1="1" ind2="0" tag="600">
<subfield code="a">Waterhouse, Helen Stocking,</subfield>
<subfield code="d">1892-1965</subfield>
<subfield code="v">Correspondence.</subfield>
</datafield>
<datafield ind1=" " ind2="0" tag="650">
<subfield code="a">Folk music</subfield>
<subfield code="z">Ohio.</subfield>
</datafield>
<datafield ind1=" " ind2="0" tag="650">
<subfield code="a">Folk songs, English</subfield>
<subfield code="z">Ohio.</subfield>
</datafield>
<datafield ind1=" " ind2="0" tag="650">
<subfield code="a">Folk songs, English</subfield>
<subfield code="v">Texts.</subfield>
</datafield>
<datafield ind1=" " ind2="0" tag="650">
<subfield code="a">Ballads, English</subfield>
<subfield code="z">Ohio.</subfield>
</datafield>
<datafield ind1=" " ind2="0" tag="650">
<subfield code="a">Canals</subfield>
<subfield code="z">Ohio</subfield>
<subfield code="v">Songs and music.</subfield>
</datafield>
<datafield ind1=" " ind2="0" tag="650">
<subfield code="a">Popular music</subfield>
<subfield code="y">1931-1940.</subfield>
</datafield>
<datafield ind1=" " ind2="0" tag="650">
<subfield code="a">Revival hymns</subfield>
<subfield code="z">Ohio.</subfield>
</datafield>
<datafield ind1=" " ind2="0" tag="650">
<subfield code="a">Field recordings</subfield>
<subfield code="z">Ohio.</subfield>
</datafield>
<datafield ind1=" " ind2="0" tag="651">
<subfield code="a">Akron (Ohio)</subfield>
<subfield code="x">Social life and customs.</subfield>
</datafield>
<datafield ind1=" " ind2="0" tag="651">
<subfield code="a">Ohio and Erie Canal (Ohio)</subfield>
<subfield code="v">Songs and music.</subfield>
</datafield>
<datafield ind1=" " ind2="0" tag="651">
<subfield code="a">Akron (Ohio)</subfield>
<subfield code="e">event place.</subfield>
</datafield>
<datafield ind1=" " ind2="7" tag="655">
<subfield code="a">Correspondence.</subfield>
<subfield code="2">aat</subfield>
</datafield>
<datafield ind1=" " ind2="7" tag="655">
<subfield code="a">Photographic prints.</subfield>
<subfield code="2">aat</subfield>
</datafield>
<datafield ind1=" " ind2="7" tag="655">
<subfield code="a">Sound recordings.</subfield>
<subfield code="2">aat</subfield>
</datafield>
<datafield ind1=" " ind2="7" tag="655">
<subfield code="a">Interviews (Sound recordings)</subfield>
<subfield code="2">lcgft</subfield>
</datafield>
<datafield ind1=" " ind2="7" tag="655">
<subfield code="a">Field recordings.</subfield>
<subfield code="2">lcgft</subfield>
</datafield>
<datafield ind1=" " ind2="7" tag="655">
<subfield code="a">Songs.</subfield>
<subfield code="2">lcgft</subfield>
</datafield>
<datafield ind1="1" ind2=" " tag="700">
<subfield code="a">Lomax, John A.</subfield>
<subfield code="q">(John Avery),</subfield>
<subfield code="d">1867-1948,</subfield>
<subfield code="e">collector,</subfield>
<subfield code="e">interviewer.</subfield>
</datafield>
<datafield ind1="1" ind2=" " tag="700">
<subfield code="a">Lomax, Alan,</subfield>
<subfield code="d">1915-2002,</subfield>
<subfield code="e">collector.</subfield>
</datafield>
<datafield ind1="1" ind2=" " tag="700">
<subfield code="a">Nye, Pearl R.,</subfield>
<subfield code="d">1872-1950,</subfield>
<subfield code="e">collector,</subfield>
<subfield code="e">interviewee.</subfield>
</datafield>
<datafield ind1="2" ind2=" " tag="710">
<subfield code="a">Archive of American Folk Song,</subfield>
<subfield code="e">collector.</subfield>
</datafield>
<datafield ind1="2" ind2=" " tag="710">
<subfield code="a">American Folklife Center.</subfield>
</datafield>
<datafield ind1="2" ind2=" " tag="710">
<subfield code="a">Library of Congress.</subfield>
<subfield code="b">National Digital Library Program.</subfield>
</datafield>
<datafield ind1="0" ind2=" " tag="740">
<subfield code="a">
Captain Pearl R. Nye, life on the Ohio and Erie Canal
</subfield>
</datafield>
<datafield ind1=" " ind2=" " tag="852">
<subfield code="a">Library of Congress</subfield>
<subfield code="b">Archive of Folk Culture, American Folklife Center,</subfield>
<subfield code="e">
101 Independence Ave. S.E., Washington, DC USA 20540-4610
</subfield>
<subfield code="u">https://hdl.loc.gov/loc.afc/folklife.home</subfield>
</datafield>
<datafield ind1="4" ind2="1" tag="856">
<subfield code="3">Online presentation:</subfield>
<subfield code="u">http://hdl.loc.gov/loc.afc/collafc.af000019</subfield>
</datafield>
<datafield ind1="4" ind2="2" tag="856">
<subfield code="3">
Search for audio titles in the Captain Pearl R. Nye Collection:
</subfield>
<subfield code="u">https://hdl.loc.gov/loc.afc/collafc.af000109</subfield>
</datafield>
<datafield ind1="4" ind2="2" tag="856">
<subfield code="3">Finding aid</subfield>
<subfield code="u">https://hdl.loc.gov/loc.afc/eadafc.af012006</subfield>
</datafield>
<datafield ind1=" " ind2=" " tag="985">
<subfield code="e">ammem</subfield>
</datafield>
<datafield ind1=" " ind2=" " tag="985">
<subfield code="a">afc/ead</subfield>
</datafield>
<datafield ind1=" " ind2=" " tag="985">
<subfield code="a">afc/coll</subfield>
</datafield>
</record>